@misc{Jenkins,
  author = "Jenkins",
  title = "Jenkins Documentation",
  howpublished = "\url{https://www.jenkins.io/doc/}",
  note = "[letzter Zugriff: 20 Feb. 2021]"
}