@book{Schulz,
  author =      "Marco Schulz",
  title =       {Continuous Integration mit Jenkins},
  publisher =   "Rheinwerk Computing",
  address =     "Bonn",
  year =        "2021",
  ISBN =        "978-3-8362-7834-8",
}